[gd_scene load_steps=5 format=2]

[ext_resource path="res://Tool.gd" type="Script" id=1]
[ext_resource path="res://AnalyzeButton.gd" type="Script" id=2]
[ext_resource path="res://icon.png" type="Texture" id=3]
[ext_resource path="res://play_logo.png" type="Texture" id=4]

[node name="Tool" type="Control"]
anchor_right = 1.0
anchor_bottom = 1.0
script = ExtResource( 1 )
__meta__ = {
"_edit_use_anchors_": false
}

[node name="AudioStreamPlayer" type="AudioStreamPlayer" parent="."]

[node name="Panel" type="Panel" parent="."]
anchor_right = 1.0
anchor_bottom = 1.0
margin_top = -1.0
margin_bottom = -1.0
__meta__ = {
"_edit_use_anchors_": false
}

[node name="MarginContainer" type="MarginContainer" parent="Panel"]
margin_right = 511.0
margin_bottom = 99.0
custom_constants/margin_right = 15
custom_constants/margin_top = 15
custom_constants/margin_left = 15
custom_constants/margin_bottom = 15
__meta__ = {
"_edit_use_anchors_": false
}

[node name="Analyze" type="Button" parent="Panel/MarginContainer"]
margin_left = 15.0
margin_top = 15.0
margin_right = 496.0
margin_bottom = 84.0
text = "Analyze"
script = ExtResource( 2 )
__meta__ = {
"_edit_use_anchors_": true
}

[node name="FileDialog" type="FileDialog" parent="Panel/MarginContainer"]
margin_left = 15.0
margin_top = 15.0
margin_right = 496.0
margin_bottom = 249.0
rect_min_size = Vector2( 400, 234 )
window_title = "Ouvrir un fichier"
resizable = true
mode = 0
access = 2
current_dir = "/home/goutte/code/godot/godot-module-eggentia/demo"
current_file = "jenkees.ogg"
current_path = "/home/goutte/code/godot/godot-module-eggentia/demo/jenkees.ogg"
__meta__ = {
"_edit_use_anchors_": true
}

[node name="Logo2" type="TextureRect" parent="Panel"]
anchor_left = 0.0923201
anchor_top = 0.245548
anchor_right = 0.59232
anchor_bottom = 1.0
margin_left = -0.535782
margin_top = -43.3288
margin_right = -0.535706
margin_bottom = 16.0
rect_scale = Vector2( 0.62, 0.62 )
texture = ExtResource( 3 )
stretch_mode = 4
__meta__ = {
"_edit_use_anchors_": true
}

[node name="Logo" type="TextureRect" parent="Panel"]
anchor_left = 0.0923201
anchor_top = 0.245548
anchor_right = 0.59232
anchor_bottom = 1.0
margin_left = -0.535782
margin_top = -43.3288
margin_right = -0.535706
margin_bottom = 16.0
rect_scale = Vector2( 0.62, 0.62 )
texture = ExtResource( 3 )
stretch_mode = 4
__meta__ = {
"_edit_use_anchors_": true
}

[node name="LoggerScroll" type="ScrollContainer" parent="Panel"]
anchor_right = 1.0
anchor_bottom = 1.0
margin_left = 509.0
margin_bottom = -3.0
__meta__ = {
"_edit_use_anchors_": false
}

[node name="LoggerPanel" type="Panel" parent="Panel/LoggerScroll"]

[node name="Logger" type="TextEdit" parent="Panel/LoggerScroll/LoggerPanel"]
margin_top = 15.0
margin_right = 500.0
margin_bottom = 565.0
readonly = true
__meta__ = {
"_edit_use_anchors_": true
}

[node name="Credits" type="RichTextLabel" parent="Panel"]
margin_left = 20.0
margin_top = 542.0
margin_right = 493.0
margin_bottom = 610.0
bbcode_enabled = true
bbcode_text = "Get informa(tion about your audio file.
CC0 - [url=https://framagit.org/godotrio/godot-module-eggentia]https://framagit.org/godotrio/godot-module-eggentia[/url]
v0.0.0-alpha"
text = "Get informa(tion about your audio file.
CC0 - https://framagit.org/godotrio/godot-module-eggentia
v0.0.0-beta"

[node name="PlayButton" type="Button" parent="Panel"]
margin_left = 61.0
margin_top = 447.0
margin_right = 96.0
margin_bottom = 486.0

[node name="TextureRect" type="TextureRect" parent="Panel/PlayButton"]
margin_left = 7.0
margin_top = 6.0
margin_right = 29.0
margin_bottom = 32.0
texture = ExtResource( 4 )
expand = true
__meta__ = {
"_edit_lock_": true
}
